<?xml version="1.0" encoding="UTF-8"?><collection xmlns="http://www.loc.gov/MARC21/slim"><record><leader>00635nam--2200181-u-4500</leader><controlfield tag="001">000052446</controlfield><controlfield tag="002">20161230</controlfield><controlfield tag="005">20161230201050</controlfield><controlfield tag="008">100713s1000------------r-----000-0-eng-d</controlfield><datafield ind1=" " ind2=" " tag="040"><subfield code="a">IFIN-HH</subfield></datafield><datafield ind1=" " ind2=" " tag="080"><subfield code="a">532.5:53</subfield></datafield><datafield ind1="1" ind2=" " tag="100"><subfield code="a">Diaz, B.J</subfield></datafield><datafield ind1="1" ind2="0" tag="245"><subfield code="a">Fluid Dynamics and Applied Mathematics</subfield><subfield code="b">Proceedings of the Symposium Sponsored by The Institute for Fluid Dynamics and Applied Mathematics University of Maryland, April 28-29,1961</subfield><subfield code="c">J.B. Diaz, S.I. Pai (Eds.)</subfield></datafield><datafield ind1=" " ind2=" " tag="260"><subfield code="a">New York</subfield><subfield code="b">Gordon and Breach. Science Publishers, Inc</subfield><subfield code="c">1962</subfield></datafield><datafield ind1=" " ind2=" " tag="300"><subfield code="a">207 p</subfield></datafield><datafield ind1="1" ind2=" " tag="700"><subfield code="a">Pai, S.I</subfield></datafield><datafield ind1=" " ind2=" " tag="852"><subfield code="a">18471</subfield><subfield code="c">532</subfield></datafield><datafield ind1=" " ind2=" " tag="CAT"><subfield code="a">Sys</subfield><subfield code="c">20100713</subfield><subfield code="h">140119</subfield></datafield></record></collection>